<records xmlns="http://www.openarchives.org/OAI/2.0/">
<record>
  <header>
    <identifier>oai:mst.rochester.edu:marcnormalization/71</identifier>
    <datestamp />
    <predecessors>
      <predecessor>oai:mst.rochester.edu:71</predecessor>
    </predecessors>
    <setSpec>MARCXML Bibliographic Records</setSpec>
    <status>deleted</status>
  </header>
  <metadata>
    <marc:record xmlns:marc="http://www.loc.gov/MARC21/slim" xmlns:xsi="http://www.w3.org/2001/XMLSchema-instance" xsi:schemaLocation="http://www.loc.gov/MARC21/slim http://www.loc.gov/standards/marcxml/schema/MARC21slim.xsd">
      <marc:leader>01893cas a2200409 a 4500</marc:leader>
      <marc:controlfield tag="001">2257790</marc:controlfield>
      <marc:controlfield tag="005">20030427075436.0</marc:controlfield>
      <marc:controlfield tag="007">cr un-</marc:controlfield>
      <marc:controlfield tag="008">810629c19649999dcuar    s   f0    0eng d</marc:controlfield>
      <marc:datafield ind1=" " ind2=" " tag="010">
        <marc:subfield code="a">sn 87042357</marc:subfield>
      </marc:datafield>
      <marc:datafield ind1=" " ind2=" " tag="035">
        <marc:subfield code="a">(OCoLC)7537123</marc:subfield>
      </marc:datafield>
      <marc:datafield ind1=" " ind2=" " tag="035">
        <marc:subfield code="a">2257790</marc:subfield>
      </marc:datafield>
      <marc:datafield ind1=" " ind2=" " tag="037">
        <marc:subfield code="b">Supt. of Docs., U.S. Govt. Print. Off., Washington, D.C. 20402</marc:subfield>
      </marc:datafield>
      <marc:datafield ind1=" " ind2=" " tag="040">
        <marc:subfield code="a">GPO</marc:subfield>
        <marc:subfield code="c">GPO</marc:subfield>
        <marc:subfield code="d">GPO</marc:subfield>
        <marc:subfield code="d">IUL</marc:subfield>
        <marc:subfield code="d">GPO</marc:subfield>
        <marc:subfield code="d">IUL</marc:subfield>
        <marc:subfield code="d">CUS</marc:subfield>
        <marc:subfield code="d">GPO</marc:subfield>
        <marc:subfield code="d">DLC</marc:subfield>
        <marc:subfield code="d">MvI</marc:subfield>
        <marc:subfield code="d">MvI</marc:subfield>
      </marc:datafield>
      <marc:datafield ind1=" " ind2=" " tag="042">
        <marc:subfield code="a">lcd</marc:subfield>
      </marc:datafield>
      <marc:datafield ind1=" " ind2=" " tag="043">
        <marc:subfield code="a">n-us-ga</marc:subfield>
      </marc:datafield>
      <marc:datafield ind1=" " ind2=" " tag="074">
        <marc:subfield code="a">0133-A-10</marc:subfield>
      </marc:datafield>
      <marc:datafield ind1=" " ind2=" " tag="074">
        <marc:subfield code="a">0133-A-10 (online)</marc:subfield>
      </marc:datafield>
      <marc:datafield ind1="0" ind2=" " tag="086">
        <marc:subfield code="a">C 3.204:</marc:subfield>
      </marc:datafield>
      <marc:datafield ind1="0" ind2=" " tag="086">
        <marc:subfield code="a">C 3.204/3-12:</marc:subfield>
      </marc:datafield>
      <marc:datafield ind1="0" ind2="0" tag="245">
        <marc:subfield code="a">County business patterns, Georgia.</marc:subfield>
      </marc:datafield>
      <marc:datafield ind1=" " ind2=" " tag="260">
        <marc:subfield code="a">Washington, D.C. :</marc:subfield>
        <marc:subfield code="b">U.S. Dept. of Commerce, Bureau of the Census :</marc:subfield>
        <marc:subfield code="b">For sale by the Supt. of Docs., U.S. G.P.O.,</marc:subfield>
      </marc:datafield>
      <marc:datafield ind1=" " ind2=" " tag="300">
        <marc:subfield code="a">v. :</marc:subfield>
        <marc:subfield code="b">ill. ;</marc:subfield>
        <marc:subfield code="c">28 cm.</marc:subfield>
      </marc:datafield>
      <marc:datafield ind1=" " ind2=" " tag="310">
        <marc:subfield code="a">Annual</marc:subfield>
      </marc:datafield>
      <marc:datafield ind1="1" ind2=" " tag="362">
        <marc:subfield code="a">Began with 1964.</marc:subfield>
      </marc:datafield>
      <marc:datafield ind1=" " ind2=" " tag="500">
        <marc:subfield code="a">Description based on: 1979.</marc:subfield>
      </marc:datafield>
      <marc:datafield ind1=" " ind2=" " tag="530">
        <marc:subfield code="a">Some issues also available via Internet from the Census Bureau web site. Address as of 08/04/00: http://www.census.gov/prod/www/abs/cbptotal.html; current access available via PURL.</marc:subfield>
      </marc:datafield>
      <marc:datafield ind1=" " ind2=" " tag="580">
        <marc:subfield code="a">Data also included in CD-ROM publication: County business patterns.</marc:subfield>
      </marc:datafield>
      <marc:datafield ind1=" " ind2="0" tag="650">
        <marc:subfield code="a">Industrial statistics</marc:subfield>
        <marc:subfield code="z">Georgia</marc:subfield>
        <marc:subfield code="v">Periodicals.</marc:subfield>
      </marc:datafield>
      <marc:datafield ind1="0" ind2="1" tag="780">
        <marc:subfield code="t">County business patterns. Pt. 6B, South Atlantic states, Florida, Georgia, North Carolina, South Carolina</marc:subfield>
      </marc:datafield>
      <marc:datafield ind1="1" ind2=" " tag="787">
        <marc:subfield code="t">County business patterns</marc:subfield>
        <marc:subfield code="w">(DLC)   92644462</marc:subfield>
        <marc:subfield code="w">(OCoLC)23018656</marc:subfield>
      </marc:datafield>
      <marc:datafield ind1="1" ind2=" " tag="710">
        <marc:subfield code="a">United States.</marc:subfield>
        <marc:subfield code="b">Bureau of the Census.</marc:subfield>
      </marc:datafield>
      <marc:datafield ind1=" " ind2=" " tag="850">
        <marc:subfield code="a">InU</marc:subfield>
      </marc:datafield>
      <marc:datafield ind1="4" ind2="1" tag="856">
        <marc:subfield code="u">http://purl.access.gpo.gov/GPO/LPS547</marc:subfield>
        <marc:subfield code="z">Scroll down to "Georgia" and click on desired issue (requires Adobe Acrobat software, which is available for download)</marc:subfield>
      </marc:datafield>
      <marc:datafield ind1=" " ind2=" " tag="949">
        <marc:subfield code="l">DocSuDoc</marc:subfield>
        <marc:subfield code="m">Gov Doc</marc:subfield>
      </marc:datafield>
      <marc:datafield ind1=" " ind2=" " tag="949">
        <marc:subfield code="l">Internet</marc:subfield>
        <marc:subfield code="u">http://purl.access.gpo.gov/GPO/LPS547</marc:subfield>
        <marc:subfield code="z">Scroll down to "Georgia" and click on desired issue (requires Adobe Acrobat software, which is available for download)</marc:subfield>
      </marc:datafield>
      <marc:datafield ind1=" " ind2=" " tag="945">
        <marc:subfield code="a">MARS</marc:subfield>
      </marc:datafield>
      <marc:datafield tag="931" ind1=" " ind2=" ">
        <marc:subfield code="a">Text</marc:subfield>
        <marc:subfield code="5">NRU</marc:subfield>
      </marc:datafield>
      <marc:datafield tag="932" ind1=" " ind2=" ">
        <marc:subfield code="a">Language material</marc:subfield>
        <marc:subfield code="5">NRU</marc:subfield>
      </marc:datafield>
      <marc:datafield tag="933" ind1=" " ind2=" ">
        <marc:subfield code="a">Text</marc:subfield>
        <marc:subfield code="5">NRU</marc:subfield>
      </marc:datafield>
      <marc:datafield tag="935" ind1=" " ind2=" ">
        <marc:subfield code="a">Serial</marc:subfield>
        <marc:subfield code="5">NRU</marc:subfield>
      </marc:datafield>
      <marc:datafield tag="933" ind1=" " ind2=" ">
        <marc:subfield code="a">Electronic resource</marc:subfield>
        <marc:subfield code="5">NRU</marc:subfield>
      </marc:datafield>
      <marc:datafield tag="934" ind1=" " ind2=" ">
        <marc:subfield code="a">Remote</marc:subfield>
        <marc:subfield code="5">NRU</marc:subfield>
      </marc:datafield>
      <marc:datafield tag="937" ind1=" " ind2=" ">
        <marc:subfield code="a">Non-Fiction</marc:subfield>
        <marc:subfield code="5">NRU</marc:subfield>
      </marc:datafield>
      <marc:datafield tag="939" ind1=" " ind2=" ">
        <marc:subfield code="a">1964-</marc:subfield>
        <marc:subfield code="5">NRU</marc:subfield>
      </marc:datafield>
      <marc:datafield tag="941" ind1=" " ind2=" ">
        <marc:subfield code="a">eng</marc:subfield>
        <marc:subfield code="5">NRU</marc:subfield>
      </marc:datafield>
      <marc:datafield tag="943" ind1=" " ind2=" ">
        <marc:subfield code="a">English</marc:subfield>
        <marc:subfield code="5">NRU</marc:subfield>
      </marc:datafield>
      <marc:controlfield tag="003">NRU</marc:controlfield>
      <marc:datafield tag="035" ind1=" " ind2=" ">
        <marc:subfield code="a">(NRU)2257790</marc:subfield>
      </marc:datafield>
      <marc:datafield tag="130" ind1="0" ind2=" ">
        <marc:subfield code="a">County business patterns, Georgia.</marc:subfield>
      </marc:datafield>
      <marc:datafield tag="965" ind1=" " ind2="0">
        <marc:subfield code="a">Industrial statistics</marc:subfield>
        <marc:subfield code="5">NRU</marc:subfield>
      </marc:datafield>
      <marc:datafield tag="967" ind1=" " ind2="0">
        <marc:subfield code="z">Georgia</marc:subfield>
        <marc:subfield code="5">NRU</marc:subfield>
      </marc:datafield>
      <marc:datafield tag="969" ind1=" " ind2="0">
        <marc:subfield code="v">Periodicals.</marc:subfield>
        <marc:subfield code="5">NRU</marc:subfield>
      </marc:datafield>
    </marc:record>
  </metadata>
</record>
</records>
